@article{cohen_1,
    author = {López de Haro,M.  and Cohen,E. G. D.  and Kincaid,J. M. },
    title = {The Enskog theory for multicomponent mixtures. I. Linear transport theory},
    journal = {The Journal of Chemical Physics},
    volume = {78},
    number = {5},
    pages = {2746-2759},
    year = {1983},
    doi = {10.1063/1.444985},
    URL = {https://doi.org/10.1063/1.444985},
    eprint = {https://doi.org/10.1063/1.444985}
}

@article{kinetics_1,
  title={Chapman--Enskog solutions to arbitrary order in Sonine polynomials II: Viscosity in a binary, rigid-sphere, gas mixture},
  author={Tipton, EL and Tompson, RV and Loyalka, SK2513892},
  journal={European Journal of Mechanics-B/Fluids},
  volume={28},
  number={3},
  pages={335--352},
  year={2009},
  publisher={Elsevier}
}

@article{kinetics2,
title = "Chapman–Enskog solutions to arbitrary order in Sonine polynomials IV: Summational expressions for the diffusion- and thermal conductivity-related bracket integrals",
journal = "European Journal of Mechanics - B/Fluids",
volume = "28",
number = "6",
pages = "695 - 721",
year = "2009",
issn = "0997-7546",
doi = "https://doi.org/10.1016/j.euromechflu.2009.05.002",
url = "http://www.sciencedirect.com/science/article/pii/S0997754609000612",
author = "R.V. Tompson and E.L. Tipton and S.K. Loyalka",
}

@article{kinetics_viscosity,
  title={Chapman--Enskog solutions to arbitrary order in Sonine polynomials V: Summational expressions for the viscosity-related bracket integrals},
  author={Tompson, RV and Tipton, EL and Loyalka, SK},
  journal={European Journal of Mechanics-B/Fluids},
  volume={29},
  number={2},
  pages={153--179},
  year={2010},
  publisher={Elsevier}
}

@unpublished{prosjektoppgave,
author  = {Vegard Gjeldvik Jervell},
title   = {Thermodynamic {M}odelling of the {S}oret {C}oefficient},
year    = {2021},
note    = {unpublished},
}

@article{lafitte2013accurate,
  title={Accurate statistical associating fluid theory for chain molecules formed from Mie segments},
  author={Lafitte, Thomas and Apostolakou, Anastasia and Avenda{\~n}o, Carlos and Galindo, Amparo and Adjiman, Claire S and M{\"u}ller, Erich A and Jackson, George},
  journal={The Journal of chemical physics},
  volume={139},
  number={15},
  pages={154504},
  year={2013},
  publisher={American Institute of Physics}
}