@article{retmie,
    author = {Jervell, Vegard G. and Wilhelmsen, \Oivind},
    title = "{Revised Enskog theory for Mie fluids: Prediction of diffusion coefficients, thermal diffusion coefficients, viscosities, and thermal conductivities}",
    journal = {The Journal of Chemical Physics},
    volume = {158},
    number = {22},
    pages = {224101},
    year = {2023},
    month = {06},
    issn = {0021-9606},
    doi = {10.1063/5.0149865},
    url = {https://doi.org/10.1063/5.0149865},
    eprint = {https://pubs.aip.org/aip/jcp/article-pdf/doi/10.1063/5.0149865/17979486/224101\_1\_5.0149865.pdf},
}


@article{ortiz2019definition,
	author = {Ortiz de Z{\'a}rate, Jos{\'e} M},
	journal = {The European Physical Journal E},
	number = {4},
	pages = {1--8},
	title = {Definition of frame-invariant thermodiffusion and Soret coefficients for ternary mixtures},
	volume = {42},
	year = {2019}}


